@PhDThesis{bellogin,
author = {Alejandro Bellog\'{i}n},
title = {Performance prediction and evaluation in Recommender Systems: an Information Retrieval perspective},
school = {Universidad Aut\'{o}noma de Madrid},
year = 2012,
address = {Madrid, Spain},
month = oct
}



































@article{harper2005economic,
  title={An economic model of user rating in an online recommender system},
  author={Harper, F. and Li, X. and Chen, Y. and Konstan, J.},
  journal={User Modeling},
  pages={149--149},
  year={2005},
  publisher={Springer}
}
@article{shannon2001mathematical,
  title={A mathematical theory of communication},
  author={Shannon, C.E.},
  journal={ACM SIGMOBILE Mobile Computing and Communications Review},
  volume={5},
  number={1},
  pages={3--55},
  year={2001},
  publisher={ACM}
},

@article{Tapestry,
  title={Using collaborative filtering to weave an information tapestry},
  author={David Goldberg and David Nichols and Brian M. Oki and Douglas Terry},
  journal={Communications of the ACM - Special issue on information filtering},
  volume={35},
  issue={12},
  year={1992},
  pages={61--70},
  publisher={ACM}
}

@inproceedings{SeeingBelieving,
  title={Is seeing believing?: How recommender system interfaces affect users' opinions},
  author={Dan Cosley and Shyong K. Lam and Istvan Albert and Joseph A. Konstan and John Riedl},
  booktitle={CHI 03},
  publisher={ACM},
  year={2003}
}

@inproceedings{OMahony,
  title={Detecting noise in recommender system databases},
  author={Michael P. O'Mahony and Neil J. Hurley and Guénolé C.M. Silvestre},
  booktitle={IUI 06},
  publisher={ACM},
  year={2006}
}

@article{ARobustnessAnalysis,
  title={Collaborative recommendation: A robustness analysis},
  author={Michael P. O'Mahony and Neil J. Hurley and Nicholas Kushmerick and Guénolé Silvestre},
  journal={ACM Transactions on Internet Technology},
  volume={4},
  issue={4},
  pages={344--377},
  year={2004},
  publisher={ACM}
}

@inproceedings{RatingDifficultIsIt,
  title={Rating: How Difficult is It?},
  author={E. Isaac Sparling and Shilad Sen},
  booktitle={RecSys 11},
  publisher={ACM},
  year={2011}
}

@inproceedings{RateItAgain,
  title={Rate it again: increasing recommendation accuracy by user re-rating},
  author={Xavier Amatriain and Josep M. Pujol and Nava Tintarev and Nuria Oliver},
  booktitle={RecSys 09},
  publisher={ACM},
  year={2009}
}


@article{TheSurvey,
  title={Collaborative Filtering Recommender System},
  author={Michael D. Ekstrand and John T. Riedl and Joseph A. Konstan},
  journal={Foundations and Trends in Human-Computer Interaction},
  volume = {4},
 number = {2},
 year = {2010},
 issn = {1046-8188},
 pages = {81-173},
  publisher={ACM}
}

@article{PsychologyReview,
  title={Rating scales, discriminability, and information transmission},
  author={Garner, W. R.},
  journal={The Psychological Review},
  volume = {67},
 number = {6},
 year = {1960},
 issn = {1939-1471},
 pages = {343-352},
  publisher={ACM}
}



@ONLINE{Doe:2009:Youtube,
author = {Youtube},
title = {Five Stars Dominate Ratings {@http://youtube-global.blogspot.com/2009/09/five-stars-dominate-ratings.html}},
month = Sep,
year = {2009},
url = {http://youtube-global.blogspot.com/2009/09/five-stars-dominate-ratings.html}
}

@ONLINE{Doe:2010:Youtube,
author = {Youtube},
title = {New video page launches for all users {@http://youtube-global.blogspot.com/2010/03/new-video-page-launches-for-all-users.html}},
month = Mar,
year = {2010},
url = {http://youtube-global.blogspot.com/2010/03/new-video-page-launches-for-all-users.html}
}

@article{HerlockerEvaluatingCF,
 author = {Herlocker, Jonathan L. and Konstan, Joseph A. and Terveen, Loren G. and Riedl, John T.},
 title = {Evaluating collaborative filtering recommender systems},
 journal = {ACM Trans. Inf. Syst.},
 issue_date = {January 2004},
 volume = {22},
 number = {1},
 month = jan,
 year = {2004},
 issn = {1046-8188},
 pages = {5--53},
 numpages = {49},
 url = {http://doi.acm.org/10.1145/963770.963772},
 doi = {10.1145/963770.963772},
 acmid = {963772},
 publisher = {ACM},
 address = {New York, NY, USA},
 keywords = {Collaborative filtering, evaluation, metrics, recommender systems},
}

@inproceedings{Hill,
 author = {Hill, Will and Stead, Larry and Rosenstein, Mark and Furnas, George},
 title = {Recommending and evaluating choices in a virtual community of use},
 booktitle = {CHI 95},
 year = {1995},
 isbn = {0-201-84705-1},
 location = {Denver, Colorado, United States},
 pages = {194--201},
 numpages = {8},
 url = {http://dx.doi.org/10.1145/223904.223929},
 doi = {10.1145/223904.223929},
 acmid = {223929},
} 

@inproceedings{ILikeIt,
   title = {I Like It... I Like It Not: Evaluating User Ratings Noise in Recommender Systems},
   author = {Amatriain, Xavier and Pujol, Josep and Oliver, Nuria},
   booktitle = {UMAP 2009},
   publisher = {Springer (2009)},
   pages = {247-258},
   year = {2009}
}

@article{GLUseNet,
title={GroupLens: applying collaborative filtering to Usenet news},
  author={Joseph A. Konstan and Bradley N. Miller and David Maltz and Jonathan L. Herlocker and Lee R. Gordon and John Riedl},
  journal={Communications of the ACM},
  volume={40},
  issue={3},
  year={1997},
  pages={77--87},
  publisher={ACM}
}

@inproceedings{GLOArch,
  title={GroupLens: an open architecture for collaborative filtering of netnews},
  author={Paul Resnick and Neophytos Iacovou and Mitesh Suchak and Peter Bergstrom and John Riedl},
  journal={CSCW 94},
  publisher={ACM},
  year={1994}
}

@article{valueElicitation,
  title={Value elicitation: is there anything in there?},
  author={Fischhoff, B.},
  journal={American Psychologist},
  volume={46},
  number={8},
  pages={835},
  year={1991},
  publisher={American Psychological Association}
}

@article{estimationOfMI,
  title={Estimation of entropy and mutual information},
  author={Paninski, L.},
  journal={Neural Computation},
  volume={15},
  number={6},
  pages={1191--1253},
  year={2003},
  publisher={MIT Press}
}

@article{miller1955note,
  title={Note on the bias of information estimates},
  author={Miller, G.A.},
  journal={Information theory in psychology: Problems and methods},
  volume={2},
  pages={95--100},
  year={1955},
  publisher={Free Press: Glencoe, Illinois}
}

@book{elementsOfIT,
 author = {Cover, Thomas M. and Thomas, Joy A.},
 title = {Elements of Information Theory (Wiley Series in Telecommunications and Signal Processing)},
 year = {2006},
 isbn = {0471241954},
 publisher = {Wiley-Interscience},
} 


@inproceedings{pennock,
  title={Collaborative filtering by personality diagnosis: A hybrid memory-and model-based approach},
  author={Pennock, D.M. and Horvitz, E. and Lawrence, S. and Giles, C.L.},
  booktitle={Proceedings of the Sixteenth conference on Uncertainty in artificial intelligence},
  pages={473--480},
  year={2000},
  organization={Morgan Kaufmann Publishers Inc.}
}

@inproceedings{Tagommenders,
  title={Tagommenders: Connecting users to items through tags},
  author={Sen, S. and Vig, J. and Riedl, J.},
  booktitle={WWW 09},
  pages={671--680},
  year={2009},
  organization={ACM}
}

@article{Jester,
  title={Eigentaste: A constant time collaborative filtering algorithm},
  author={Goldberg, K. and Roeder, T. and Gupta, D. and Perkins, C.},
  journal={Information Retrieval},
  volume={4},
  number={2},
  pages={133--151},
  year={2001},
  publisher={Springer}
}

@inproceedings{lenskit,
  title={Rethinking the recommender research ecosystem: Reproducibility, openness, and {LensKit}},
  author={Ekstrand, M.D. and Ludwig, M. and Konstan, J.A. and Riedl, J.T.},
  booktitle={RecSys 11},
  pages={133--140},
  year={2011},
  organization={ACM}
}

@inproceedings{itemitem,
  title={Item-based collaborative filtering recommendation algorithms},
  author={Sarwar, B. and Karypis, G. and Konstan, J. and Riedl, J.},
  booktitle={WWW 2001},
  pages={285--295},
  year={2001},
  organization={ACM}
}
@article{shani2011evaluating,
  title={Evaluating recommendation systems},
  author={Shani, G. and Gunawardana, A.},
  journal={Recommender Systems Handbook},
  pages={257--297},
  year={2011},
  publisher={Springer}
}
